<?xml version="1.0" encoding="UTF-8"?><record xmlns="http://www.loc.gov/MARC21/slim" xmlns:cinclude="http://apache.org/cocoon/include/1.0" xmlns:zs="http://www.loc.gov/zing/srw/">
  <leader>00695cz  a2200193n  4500</leader>
  <controlfield tag="001">n  82113988 </controlfield>
  <controlfield tag="003">DLC</controlfield>
  <controlfield tag="005">20120731081256.0</controlfield>
  <controlfield tag="008">821020n| adannaab           |a aaa      </controlfield>
  <datafield tag="010" ind1=" " ind2=" ">
    <subfield code="a">n  82113988 </subfield>
  </datafield>
  <datafield tag="040" ind1=" " ind2=" ">
    <subfield code="a">DLC</subfield>
    <subfield code="b">eng</subfield>
    <subfield code="c">DLC</subfield>
    <subfield code="d">DLC</subfield>
  </datafield>
  <datafield tag="046" ind1=" " ind2=" ">
    <subfield code="f">1872</subfield>
  </datafield>
  <datafield tag="100" ind1="1" ind2=" ">
    <subfield code="a">MacBrayne, Lewis Edward,</subfield>
    <subfield code="d">1872-</subfield>
  </datafield>
  <datafield tag="400" ind1="1" ind2=" ">
    <subfield code="a">MacBrayne, Lewis,</subfield>
    <subfield code="d">1872-</subfield>
  </datafield>
  <datafield tag="400" ind1="1" ind2=" ">
    <subfield code="a">MacBrayne, Lewis E.</subfield>
    <subfield code="q">(Lewis Edward),</subfield>
    <subfield code="d">1872-</subfield>
  </datafield>
  <datafield tag="667" ind1=" " ind2=" ">
    <subfield code="a">THIS 1XX FIELD CANNOT BE USED UNDER RDA UNTIL THIS RECORD HAS BEEN REVIEWED AND/OR UPDATED</subfield>
  </datafield>
  <datafield tag="670" ind1=" " ind2=" ">
    <subfield code="a">His The men we marry ... 1910.</subfield>
  </datafield>
  <datafield tag="670" ind1=" " ind2=" ">
    <subfield code="a">His The men we married, c1910:</subfield>
    <subfield code="b">t.p. (Lewis MacBrayne)</subfield>
  </datafield>
  <datafield tag="670" ind1=" " ind2=" ">
    <subfield code="a">His One more chance, c1916:</subfield>
    <subfield code="b">t.p. (Lewis E. MacBraune) [Info. fr. InU]</subfield>
  </datafield>
</record>